<record><leader>00000cas a2200000 a 4500</leader><controlfield tag="001">57900187</controlfield><controlfield tag="007">hd afb021bucu</controlfield><controlfield tag="007">hd bfb021bubu</controlfield><controlfield tag="008">050302d19271929waudn nea     0    0eng c</controlfield><datafield ind1=" " ind2=" " tag="010"><subfield code="a">  2005252279</subfield></datafield><datafield ind1=" " ind2=" " tag="040"><subfield code="a">WAU</subfield><subfield code="b">eng</subfield><subfield code="c">WAU</subfield><subfield code="d">OCLCQ</subfield><subfield code="d">OCLCF</subfield><subfield code="d">OCLCO</subfield></datafield><datafield ind1="1" ind2=" " tag="029"><subfield code="a">AU@</subfield><subfield code="b">000026769966</subfield></datafield><datafield ind1=" " ind2=" " tag="042"><subfield code="a">pcc</subfield></datafield><datafield ind1=" " ind2=" " tag="043"><subfield code="a">n-us-wa</subfield></datafield><datafield ind1="0" ind2=" " tag="130"><subfield code="a">Daily Kelsonian-tribune (Kelso, Wash. : 1927)</subfield></datafield><datafield ind1="1" ind2="0" tag="245"><subfield code="a">Daily Kelsonian-tribune</subfield><subfield code="h">[microform].</subfield></datafield><datafield ind1=" " ind2=" " tag="260"><subfield code="a">Kelso, Wash. :</subfield><subfield code="b">Kelso Pub. Co.,</subfield><subfield code="c">1927-1929.</subfield></datafield><datafield ind1=" " ind2=" " tag="300"><subfield code="a">4 v. :</subfield><subfield code="b">ill.</subfield></datafield><datafield ind1=" " ind2=" " tag="310"><subfield code="a">Daily (except Sunday)</subfield></datafield><datafield ind1="0" ind2=" " tag="362"><subfield code="a">Vol. 22, no. 259 (July 16, 1927)-v. 25, no. 29 (May 27, 1929).</subfield></datafield><datafield ind1=" " ind2=" " tag="533"><subfield code="a">Microfilm.</subfield><subfield code="b">[Seattle, Wash.] :</subfield><subfield code="c">Filmed by University of Washington Library.</subfield><subfield code="e">4 microfilm reels ; 35 mm.</subfield><subfield code="n">Filmed with other titles.</subfield></datafield><datafield ind1=" " ind2="0" tag="651"><subfield code="a">Kelso (Wash.)</subfield><subfield code="v">Newspapers.</subfield></datafield><datafield ind1=" " ind2="7" tag="655"><subfield code="a">Newspapers.</subfield><subfield code="2">fast</subfield><subfield code="0">(OCoLC)fst01423814</subfield></datafield><datafield ind1=" " ind2="7" tag="651"><subfield code="a">Washington (State)</subfield><subfield code="z">Kelso.</subfield><subfield code="2">fast</subfield><subfield code="0">(OCoLC)fst01220829</subfield></datafield><datafield ind1=" " ind2=" " tag="752"><subfield code="a">United States</subfield><subfield code="b">Washington</subfield><subfield code="c">Cowlitz</subfield><subfield code="d">Kelso.</subfield></datafield><datafield ind1="1" ind2=" " tag="776"><subfield code="c">Original</subfield><subfield code="w">(DLC)sn 87093147</subfield><subfield code="w">(OCoLC)17152159</subfield></datafield><datafield ind1="0" ind2="0" tag="780"><subfield code="t">Kelsonian-tribune</subfield><subfield code="w">(DLC)  2005252278</subfield><subfield code="w">(OCoLC)57896100</subfield></datafield><datafield ind1="0" ind2="0" tag="785"><subfield code="t">Daily tribune and Kelsonian</subfield><subfield code="w">(DLC)  2005252280</subfield><subfield code="w">(OCoLC)42437920</subfield></datafield></record>